<?xml version="1.0" encoding="UTF-8"?><record xmlns="http://www.loc.gov/MARC21/slim" xmlns:cinclude="http://apache.org/cocoon/include/1.0" xmlns:zs="http://www.loc.gov/zing/srw/">
  <leader>00436nz  a2200121n  4500</leader>
  <controlfield tag="001">n  90723231 </controlfield>
  <controlfield tag="003">DLC</controlfield>
  <controlfield tag="005">19901212094248.3</controlfield>
  <controlfield tag="008">901211n| acannaab|          |n aaa |||  </controlfield>
  <datafield tag="010" ind1=" " ind2=" ">
    <subfield code="a">n  90723231 </subfield>
  </datafield>
  <datafield tag="040" ind1=" " ind2=" ">
    <subfield code="a">DLC</subfield>
    <subfield code="c">DLC</subfield>
  </datafield>
  <datafield tag="100" ind1="1" ind2="0">
    <subfield code="a">Scofield, Christopher L.,</subfield>
    <subfield code="d">1957-</subfield>
  </datafield>
  <datafield tag="670" ind1=" " ind2=" ">
    <subfield code="a">Morgan, D.P. Neural networks and speech processing, c1991:</subfield>
    <subfield code="b">CIP t.p. (Christopher L. Scofield) data sheet (b. 1/29/57) publisher's info. (Nester, Inc., Providence, RI)</subfield>
  </datafield>
</record>